% Encoding: UTF-8

@article{Borges2017,
   title = {{Health transition in Brazil: regional variations and divergence/convergence in mortality}},
   journal = {{Cadernos de Sa\~A\textordmasculinede P\~A\textordmasculineblica}},
   author={Borges, Gabriel Mendes},
   ISSN = {0102-311X},
   language = {en},
   URL = {http://www.scielo.br/scielo.php?script=sci_arttext&pid=S0102-311X2017000805001&nrm=iso},
   volume = {33},
   year = {2017},
   month = {00},
   publisher = {scielo},
   crossref = {10.1590/0102-311x00080316},
   }
@book{Somoza1968,
  title         = {Argentina, la mortalidad según tablas de vida de 1914, 1946-1948 y 1959-1961},
  publisher     = {CELADE},
  year          = {1968},
  author        = {Somoza, Jorge L.},
  address       = {Santiago},
  __markedentry = {[nsacco:6]},
  owner         = {nsacco},
  timestamp     = {2018-07-03},
  url           = {http://books.google.com.ar/books?id=C2E-AAAAYAAJ},
}

@book{Somoza1970,
  title         = {República Argentina, algunos efectos sociales y económicos derivados de la baja de la mortalidad entre 1900 y 1960},
  publisher     = {CELADE},
  year          = {1970},
  author        = {Somoza, Jorge L.},
  address       = {Santiago},
  __markedentry = {[nsacco:6]},
  owner         = {nsacco},
  timestamp     = {2018-07-03},
  url           = {http://books.google.com.ar/books?id=UGM-AAAAYAAJ},
}

@book{Omran1971,
  title         = {The epidemiologic transition : a theory of the epidemiology of population change},
  publisher     = {Milbank Memorial Fund},
  year          = {1971},
  author        = {Omran, Abdel R. Milbank Memorial Fund},
  address       = {New York},
  __markedentry = {[nsacco:6]},
  owner         = {nsacco},
  timestamp     = {2018-07-03},
 }

@book{Somoza1971,
  title         = {La mortalidad en la Argentina. Evolución histórica y situación entre 1869 y 1960},
  publisher     = {Editorial del Instituto},
  year          = {1971},
  author        = {Somoza, Jorge L.},
  address       = {Buenos Aires},
  __markedentry = {[nsacco:6]},
  owner         = {nsacco},
  timestamp     = {2018-07-03},
 }

@book{Somoza1972,
  title         = {Argentina, un caso de descenso de la mortalidad},
  publisher     = {Population Reference Bureau (PRB), Programas Internacionales de Población, Oficina Regional para América Latina},
  year          = {1972},
  author        = {Somoza, Jorge L.},
  __markedentry = {[nsacco:6]},
  owner         = {nsacco},
  timestamp     = {2018-07-03},
  url           = {http://books.google.com.ar/books?id=UWM-AAAAYAAJ},
}

@article{Mueller1973,
  author        = {Müller, María S.},
  year          = {1973},
  title         = {Bibliografía para el estudio de la población de la Argentina},
  journal       = {Desarrollo Económico},
  volume        = {12},
  number        = {48},
  pages         = {887-902},
  __markedentry = {[nsacco:6]},
  owner         = {nsacco},
  timestamp     = {2018-07-03},
 }

@article{Somoza1973,
  author        = {Somoza, Jorge L.},
  year          = {1973},
  title         = {La Mortalidad en la Argentina entre 1869 y 1960},
  journal       = {Desarrollo Economico},
  volume        = {12},
  number        = {No. 48 (Jan. - Mar., 1973)},
  pages         = {807-826},
  __markedentry = {[nsacco:6]},
  owner         = {nsacco},
  timestamp     = {2018-07-03},
  url           = {http://www.jstor.org/stable/3466306 .},
}

@book{RecchinideLattes1975,
  title         = {La población de Argentina},
  publisher     = {Talleres Gráficos Zlotopioro, INDEC},
  year          = {1975},
  author        = {Recchini de Lattes, Z. L. and Lattes, Alfredo E.},
  series        = {C.I.C.R.E.D. series},
  address       = {Buenos Aires},
  __markedentry = {[nsacco:6]},
  owner         = {nsacco},
  pages         = {212},
  type          = {book},
}

@book{Mueller1978,
  title         = {La mortalidad en Argentina. Evolución histórica y situación en 1970},
  publisher     = {CENEP-CELADE},
  year          = {1978},
  author        = {Müller, María S.},
  address       = {Buenos Aires},
  __markedentry = {[nsacco:6]},
  owner         = {nsacco},
  timestamp     = {2018-07-03},
}

@article{MuellerAccinelli1980,
  author        = {Müller, M. S.; Accinelli, M. M.},
  year          = {1980},
  title         = {Un hecho inquietante: la evolución reciente de la mortalidad en la Argentina},
  journal       = {Cuaderno del CENEP},
  volume        = {17},
  month         = {12/09/2014},
  __markedentry = {[nsacco:6]},
  owner         = {nsacco},
  timestamp     = {2018-07-03},
  url           = {http://201.231.155.7/wwwisis/bv/cuadernos%20cenep/CUAD%2017.pdf},
}

@book{Pantelides1989,
  title         = {La fecundidad argentina desde mediados del siglo XX},
  publisher     = {CENEP},
  year          = {1989},
  author        = {Pantelides, Edith Alejandra},
  address       = {Buenos Aires},
}

@book{Arriaga2011,
  title         = {Análisis demográfico de la mortalidad},
  publisher     = {Universidad Nacional de Córdoba},
  year          = {2011},
  author        = {Arriaga, E}
}


@book{Torrado1993,
  title         = {Procreacion en la Argentina. Hechos e ideas},
  publisher     = {Ediciones de la Flor},
  year          = {1993},
  author        = {Torrado, Susana},
  address       = {Buenos Aires},
  isbn          = {9789505153725},
  __markedentry = {[nsacco:6]},
  owner         = {nsacco},
  timestamp     = {2018-07-03},
  url           = {http://books.google.com.ar/books?id=3EXdAAAAIAAJ},
}

@article{JaspersOrellana1994,
  author        = {Jaspers, D. and Orellana, H.},
  year          = {1994},
  title         = {Evaluación del uso de las estadísticas vitales para estudios de causas de muerte en América Latina},
  journal       = {Notas de Población},
  volume        = {60},
  number        = {CELADE},
  pages         = {47-77},
  __markedentry = {[nsacco:6]},
  owner         = {nsacco},
  timestamp     = {2018-07-03},
}

@article{WilmothHoriuchi1999,
  author        = {Wilmoth, J.R. and Horiuchi, S.},
  year          = {1999},
  title         = {Rectangularization revisited: Variability of age at death within human populations*},
  journal       = {Demography},
  volume        = {36},
  number        = {4},
  pages         = {475-495},
  doi           = {10.2307/2648085},
  __markedentry = {[nsacco:6]},
  owner         = {nsacco},
  timestamp     = {2018-07-03},
}

@article{CurtoEtAl2001,
  author        = {Curto, Susana Isabel and Verhasselt, Yola and Boffi, Roland},
  year          = {2001},
  title         = {La transición epidemiológica en la Argentina},
  journal       = {Gæa, Sociedad Argentina de Estudios Geográficos, Contribuciones Científicas},
  pages         = {239-248},
  __markedentry = {[nsacco:6]},
  owner         = {nsacco},
  timestamp     = {2018-07-03},
}

@article{OeppenVaupel2002,
  author        = {Oeppen, Jim and Vaupel, James W.},
  year          = {2002},
  title         = {Broken Limits to Life Expectancy},
  journal       = {Science},
  volume        = {296},
  pages         = {1029-1031},
  issn          = {00368075
10959203},
  __markedentry = {[nsacco:6]},
  owner         = {nsacco},
  timestamp     = {2018-07-03},
  url           = {http://search.ebscohost.com/login.aspx?direct=true&db=edsjsr&AN=edsjsr.3076677&lang=es&site=eds-live},
}

@book{INDEC-UNICEF2003,
  title         = {Situación de los niños y adolescentes en la Argentina 1990-2001},
  publisher     = {INDEC-UNICEF},
  year          = {2003},
  author        = {INDEC-UNICEF},
  address       = {Buenos Aires, Argentina},
  isbn          = {9508963034 9789508963031},
  __markedentry = {[nsacco:6]},
  owner         = {nsacco},
  timestamp     = {2018-07-03},
}

@article{Mazzeo2005,
  author        = {Mazzeo, Victoria},
  year          = {2005},
  title         = {¿Qué debemos mejorar en el registro de las estadísticas vitales?},
  journal       = {Población de Buenos Aires},
  volume        = {2},
  number        = {2},
  pages         = {69-78},
  __markedentry = {[nsacco:6]},
  owner         = {nsacco},
  timestamp     = {2018-07-03},
}

@article{Riley2005,
  author        = {Riley, James C.},
  year          = {2005},
  title         = {The Timing and Pace of Health Transitions Around the World},
  journal       = {Population and Development Review},
  volume        = {31},
  number        = {4},
  pages         = {741-764},
  issn          = {00987921
17284457},
  __markedentry = {[nsacco:6]},
  owner         = {nsacco},
  timestamp     = {2018-07-03},
  url           = {http://search.ebscohost.com/login.aspx?direct=true&db=edsjsr&AN=edsjsr.3401524&lang=es&site=eds-live},
}



@article{SetelEtAl2007,
  author        = {Setel, Philip W. and Macfarlane, Sarah B. and Szreter, Simon and Mikkelsen, Lene and Jha, Prabhat and Stout, Susan and AbouZahr, Carla},
  year          = {2007},
  title         = {A scandal of invisibility: making everyone count by counting everyone},
  journal       = {The Lancet},
  volume        = {370},
  number        = {9598},
  pages         = {1569-1577},
  doi           = {10.1016/S0140-6736(07)61307-5},
  issn          = {0140-6736},
  __markedentry = {[nsacco:6]},
  owner         = {nsacco},
  timestamp     = {2018-07-03},
  url           = {http://dx.doi.org/10.1016/S0140-6736(07)61307-5},
}

@book{FernandezEtAl2008,
  title         = {Omisión de registro de nacimientos y muertes infantiles. Magnitud, desigualdades y causas},
  publisher     = {Organización Panamericana de la Salud, Ministerio de Salud},
  year          = {2008},
  author        = {Fernández, M. and Guevel, C. and Krupitzki, H. and Marconi, É. and Massa, C.},
  address       = {Buenos Aires},
  edition       = {1a},
  __markedentry = {[nsacco:6]},
  owner         = {nsacco},
  timestamp     = {2018-07-06},
}

@article{RauEtAl2008,
  author        = {Rau, Roland and Soroko, Eugeny and Jasilionis, Domantas and Vaupel, James W.},
  year          = {2008},
  title         = {Continued Reductions in Mortality at Advanced Ages},
  journal       = {Population and Development Review},
  volume        = {34},
  number        = {4},
  pages         = {747-768},
  issn          = {00987921
17284457},
  __markedentry = {[nsacco:6]},
  owner         = {nsacco},
  timestamp     = {2018-07-03},
  url           = {http://www.jstor.org/stable/25434738},
}

@Inbook{Bankirer2010,
  author        = {Bankirer, Mónica},
  editor        = {Torrado, Susana},
  year          = {2010},
  title         = {La dinámica poblacional en tiempos del ajuste: mortalidad y fecundidad},
  booktitle     = {El costo social del ajuste (Argentina 1976-2002)},
  publisher     = {Edhasa},
  address       = {Buenos Aires},
  __markedentry = {[nsacco:6]},
  owner         = {nsacco},
  timestamp     = {2018-07-03},
}



@book{CohenPrestonCrimmins2011,
  title         = {International Differences in Mortality at Older Ages: Dimensions and Sources},
  publisher     = {National Academies Press},
  year          = {2011},
  author        = {Cohen, B. and Preston, S.H. and Crimmins, E.M.},
  isbn          = {9780309187640},
  __markedentry = {[nsacco:6]},
  owner         = {nsacco},
  timestamp     = {2018-07-03},
  url           = {https://books.google.com/books?id=cF8SvFAlHSYC},
}



@article{Poblacion2013,
  author        = {Población},
  year          = {2013},
  title         = {Entrevista a Élida Marconi, Mercedes Fernández y Carlos Guevel},
  journal       = {Población},
  volume        = {6},
  number        = {Número 11},
  pages         = {23-27},
  __markedentry = {[nsacco:6]},
  owner         = {nsacco},
  timestamp     = {2018-07-03},
}

@Inbook{TimaeusDorringtonHill2013,
  author        = {Timæus, I. and Dorrington, R. and Hill, K.},
  editor        = {T., Moultrie and Dorrington, R. and A., Hill and K., Hill and Timæus, I. and Zaba, B.},
  year          = {2013},
  title         = {Introduction to adult mortality analysis},
  booktitle     = {Tools for Demographic Estimation},
  publisher     = {International Union for the Scientific Study of Population},
  pages         = {191-194},
  address       = {Paris},
  __markedentry = {[nsacco:6]},
  owner         = {nsacco},
  timestamp     = {2018-07-03},
  url           = { http://demographicestimation.iussp.org/content/generalized-growth-balance-method},
}

@article{Grushka2014,
  author        = {Grushka, Carlos O.},
  year          = {2014},
  title         = {Casi un siglo y medio de mortalidad en la Argentina...},
  journal       = {Revista Latinoamericana De Población},
  volume        = {8},
  number        = {15, Julio/Diciembre},
  pages         = {93-118},
  __markedentry = {[nsacco:6]},
  owner         = {nsacco},
  timestamp     = {2018-07-03},
  url           = {http://revistarelap.org/ojs/index.php/relap/article/view/14/13},
}

@article{LimaQueiroz2014,
  author        = {Lima, Everton Emanuel Campos de and Queiroz, Bernardo Lanza},
  year          = {2014},
  title         = {Evolution of the deaths registry system in Brazil: associations with changes in the mortality profile, under-registration of death counts, and ill-defined causes of death},
  journal       = {Cadernos de Saúde Pública},
  volume        = {30},
  number        = {8},
  pages         = {1721-1730},
  doi           = {https://dx.doi.org/10.1590/0102-311X00131113},
  __markedentry = {[nsacco:6]},
  owner         = {nsacco},
  timestamp     = {2018-07-03},
}

@article{LimaQueirozSawyer2014,
  author        = {Lima, Everton Emanuel Campos de and Queiroz, Bernardo Lanza and Sawyer, Diana Oya},
  year          = {2014},
  title         = {Método de estimação de grau de cobertura em pequenas áreas: uma aplicação nas microrregiões mineiras},
  journal       = {Cadernos Saúde Coletiva},
  volume        = {22},
  number        = {4},
  pages         = {409-418},
  doi           = {https://dx.doi.org/10.1590/1414-462X201400040015},
  __markedentry = {[nsacco:6]},
  owner         = {nsacco},
  timestamp     = {2018-07-03},
}

@conference{FreireEtAl2015,
  author             = {Freire, F. H. M. d. A., Queiroz, B. L., Lima, E. E. C. d., Gonzaga, Marcos R., y Souza, F. H.},
  year               = {2015},
  title              = {Mortality Estimates and Construction of Life Tables for Small Areas in Brazil, 2010},
  conferencename     = { Population Association of America },
  conferencelocation = {San Diego, CA },
  __markedentry      = {[nsacco:6]},
  owner              = {nsacco},
  timestamp          = {2018-07-03},
}

@article{ChettyEtAl2016,
  author        = {Chetty, Raj and Stepner, Michael and Abraham, Sarah and Lin, Shelby and Scuderi, Benjamin and Turner, Nicholas and Bergeron, Augustin and Cutler, David},
  year          = {2016},
  title         = {The Association Between Income and Life Expectancy in the United States, 2001-2014},
  journal       = {Clinical Review and Education},
  volume        = {315},
  number        = {16},
  pages         = {1750-1766},
  __markedentry = {[nsacco:6]},
  owner         = {nsacco},
  timestamp     = {2018-07-03},
}

@article{Sacco2016,
  author        = {Sacco, Nicolás},
  year          = {2016},
  title         = {¿Cuánto vivieron los nacidos a fines del siglo XIX y cuánto vivirán los nacidos a fines del siglo XX?},
  journal       = {Notas de Población},
  volume        = {103},
  number        = {julio-diciembre},
  pages         = {73-100},
  __markedentry = {[nsacco:6]},
  owner         = {nsacco},
  timestamp     = {2018-07-03},
}

@article{Sacco2016a,
  author        = {Sacco, Nicolás},
  year          = {2016},
  title         = {La calidad de los datos de mortalidad del Censo 2010 de Argentina},
  journal       = {Población y Salud en Mesoamérica},
  volume        = {14},
  number        = {1},
  pages         = {1-24},
  doi           = {10.15517/psm.v14i1.25306},
  __markedentry = {[nsacco:6]},
  owner         = {nsacco},
  timestamp     = {2018-07-03},
}

@article{GrushkaSacco2017,
  author        = {Grushka, Carlos O. and Sacco, N.},
  year          = {2017},
  title         = {La mortalidad de las cohortes en la Ciudad de Buenos Aires},
  journal       = {Población de Buenos Aires},
  volume        = {14},
  number        = {25},
  pages         = {7-27},
  issn          = {1668-5458},
  __markedentry = {[nsacco:6]},
  owner         = {nsacco},
  timestamp     = {2018-07-03},
  type          = {Journal article},
}

@article{QueirozFreireGonzagaEtAl2017,
  author        = {Queiroz, B. L. and Freire, Flávio Henrique Miranda de Araujo and Gonzaga, M. R. and Lima, Everton Emanuel Campos de},
  year          = {2017},
  title         = {Completeness of death-count coverage and adult mortality (45q15) for Brazilian states from 1980 to 2010},
  journal       = {Revista Brasileira de Epidemiologia},
  volume        = {20},
  number        = {Suppl. 1},
  pages         = {21-33},
  doi           = {https://dx.doi.org/10.1590/1980-54972017000500033},
  __markedentry = {[nsacco:6]},
  owner         = {nsacco},
  timestamp     = {2018-07-03},
}

@conference{CELADE2012,
  author             = {CELADE},
  year               = {2012},
  title              = {La calidad de las estadísticas vitales en la América Latina},
  conferencename     = {II Reunión Regional sobre Evaluación y Estimaciones Demográficas con base en Información Censal},
  conferencelocation = {Santiago de Chile},
  publisher          = {CEPAL/CELADE},
  owner              = {nsacco},
  timestamp          = {2018-07-06},
}

@conference{Ribotta2016,
  author             = {Ribotta, B.},
  year               = {2016},
  title              = {Estimaciones sub-nacionales de la cobertura de las estadísticas vitales. Experiencias recientes en América Latina},
  conferencename     = {VII Congreso de la Asociación Latinoamericana de población (ALAP) y XX Encontro Nacional de Estudos Populacionais (ABEP)},
  conferencelocation = {Foz do Iguaçu, Brasil},
  publisher          = {ALAP},
  owner              = {nsacco},
  timestamp          = {2018-07-06},
}

@book{OMS2012,
  title     = {Estadísticas Sanitarias Mundiales},
  publisher = {Organización Mundial de la Salud},
  year      = {2012},
  author    = {OMS},
  editor    = {OMS},
  owner     = {nsacco},
  timestamp = {2018-07-06},
}

@article{Schmertmann2018,
  author    = {Schmertmann, Carl Paul and Gonzaga, Marcos R.},
  title     = {Bayesian Estimation of Age-Specific Mortality and Life Expectancy for Small Areas With Defective Vital Records},
  journal   = {Demography},
  year      = {2018},
  volume    = {55},
  number    = {4},
  pages     = {1363--1388},
  month     = {Aug},
  issn      = {1533-7790},
  day       = {01},
  doi       = {10.1007/s13524-018-0695-2},
  owner     = {admin_nxs851},
  timestamp = {2018-09-19},
  url       = {https://doi.org/10.1007/s13524-018-0695-2},
}

@article{Efron1972,
  author    = {Bradley Efron and Carl Morris},
  title     = {Empirical Bayes on Vector Observations: An Extension of Stein's Method},
  journal   = {Biometrika},
  year      = {1972},
  volume    = {59},
  number    = {2},
  pages     = {335--347},
  issn      = {00063444},
  abstract  = {The statistician is considering several independent normal linear models with identical structures, and desires to estimate the vector of unknown parameters in each of them. An estimator is constructed which dominates the usual Gauss-Markov estimator in terms of total squared error loss. This estimator is shown to have good efficiency in the Bayesian situation where the parameter vectors themselves have a normal prior distribution. A practical example is given.},
  file      = {:pdf/Efron1972.pdf:PDF},
  publisher = {[Oxford University Press, Biometrika Trust]},
  timestamp = {2018-09-19},
  url       = {http://www.jstor.org/stable/2334578},
}

@article{Marshall1991,
  author    = {Roger J. Marshall},
  title     = {Mapping Disease and Mortality Rates Using Empirical Bayes Estimators},
  journal   = {Journal of the Royal Statistical Society. Series C (Applied Statistics)},
  year      = {1991},
  volume    = {40},
  number    = {2},
  pages     = {283--294},
  issn      = {00359254, 14679876},
  abstract  = {Methods for estimating regional mortality and disease rates, with a view to mapping disease, are discussed. A new empirical Bayes estimator, with parameters simply estimated by moments, is proposed and compared with iterative alternatives suggested by Clayton and Kaldor. These methods are shrinkage estimators, in which the crude disease rate is shrunk towards an overall regional rate, and are in this sense `global' and invariant to spatial configuration. However, it seems unjustifiable, in effect, to ignore the spatial aspect of the problem. A `local' shrinkage estimator is therefore also suggested in which the crude rate is shrunk towards a local, neighbourhood, rate. Comparison of the estimators is done by some simulation experiments and an example showing infant mortality in Auckland, New Zealand, is presented. When disease is relatively rare a global estimator gives the lowest total mean-square error, but for diseases that are more common and where the underlying spatial pattern is not uniform the local estimator performs best.},
  file      = {:pdf/Marshal1991.pdf:PDF},
  publisher = {[Wiley, Royal Statistical Society]},
  timestamp = {2018-09-19},
  url       = {http://www.jstor.org/stable/2347593},
}

@article{Longford1999,
  author    = {Longford, N. T.},
  title     = {Multivariate shrinkage estimation of small area means and proportions},
  journal   = {Journal of the Royal Statistical Society: Series A (Statistics in Society)},
  year      = {1999},
  volume    = {162},
  number    = {2},
  pages     = {227-245},
  abstract  = {The familiar (univariate) shrinkage estimator of a small area mean or proportion combines information from the small area and a national survey. We define a multivariate shrinkage estimator which combines information also across subpopulations and outcome variables. The superiority of the multivariate shrinkage over univariate shrinkage, and of the univariate shrinkage over the unbiased (sample) means, is illustrated on examples of estimating the local area rates of economic activity in the subpopulations defined by ethnicity, age and sex. The examples use the sample of anonymized records of individuals from the 1991 UK census. The method requires no distributional assumptions but relies on the appropriateness of the quadratic loss function. The implementation of the method involves minimum outlay of computing. Multivariate shrinkage is particularly effective when the area level means are highly correlated and the sample means of one or a few components have small sampling and between-area variances. Estimations for subpopulations based on small samples can be greatly improved by incorporating information from subpopulations with larger sample sizes.},
  doi       = {10.1111/1467-985X.00132},
  eprint    = {https://rss.onlinelibrary.wiley.com/doi/pdf/10.1111/1467-985X.00132},
  file      = {:pdf/Longford1999.pdf:PDF},
  keywords  = {Between-area variation, Economic activityrate, Ethnic minorities, Samples of anonymized records, Shrinkage estimation, UK census},
  timestamp = {2018-09-19},
  url       = {https://rss.onlinelibrary.wiley.com/doi/abs/10.1111/1467-985X.00132},
}

@article{Assuncao2005,
  author    = {Renato M. Assunção and Carl P. Schmertmann and Joseph E. Potter and Suzana M. Cavenaghi},
  title     = {Empirical Bayes Estimation of Demographic Schedules for Small Areas},
  journal   = {Demography},
  year      = {2005},
  volume    = {42},
  number    = {3},
  pages     = {537--558},
  issn      = {00703370, 15337790},
  abstract  = {In this article, we analyze empirical Bayes (EB) methods for estimating small-area rate schedules. We develop EB methods that treat schedules as vectors and use adaptive neighborhoods to keep estimates appropriately local. This method estimates demographic rates for local subpopulations by borrowing strength not only from similar individuals elsewhere but also from other groups in the same area and from regularities in schedules across locations. EB is substantially better than standard methods when rates have strong spatial and age patterns. We illustrate this method with estimates of age-specific fertility schedules for over 3,800 Brazilian municipalities.},
  file      = {:pdf/Assuncao2005.pdf:PDF},
  publisher = {Springer},
  timestamp = {2018-09-19},
  url       = {http://www.jstor.org/stable/4147361},
}

@article{Robbins1983,
  author    = {Herbert Robbins},
  title     = {Some Thoughts on Empirical Bayes Estimation},
  journal   = {The Annals of Statistics},
  year      = {1983},
  volume    = {11},
  number    = {3},
  pages     = {713--723},
  issn      = {00905364},
  abstract  = {Examples are given to illustrate the "linear" and "general" empirical Bayes approaches to estimation. A final example concerns testing the null hypothesis that a treatment has had no effect.},
  file      = {:pdf/Robbins1983.pdf:PDF},
  publisher = {Institute of Mathematical Statistics},
  timestamp = {2018-09-19},
  url       = {http://www.jstor.org/stable/2240635},
}

@article{Torcida2008,
  title={An{\'a}lisis de la Evoluci{\'o}n de la Tasa de Mortalidad Infantil en los Departamentos de Argentina. 1994-20},
  author={Torcida, Sebasti{\'a}n and Vega, Andrea L and Vel{\'a}zquez, Guillermo A},
  year={2008}
}

@article{Grushka2013,
  title={Vivir y morir en las comunas de la Ciudad de Buenos Aires: un estudio de diferenciales},
  publisher = {Población de Buenos Aires},
  author={Grushka, C, Baum, D, Sanni, L.},
  year={2013}
}

@article{vanRaalte_Sasson_Martikainen_2018, title={The case for monitoring life-span inequality}, volume={362}, url={https://science.sciencemag.org/content/362/6418/1002/tab-figures-data}, DOI={10.1126/science.aau5811}, number={6418}, journal={Science}, author={van Raalte, Alyson A. and Sasson, Isaac and Martikainen, Pekka}, year={2018}, month={Nov}, pages={1002–1004} }

@article{INDEC2015,
  title={Estimaciones de población por sexo, departamento y año calendario2010-2025},
  author={INDEC},
  year={2015}
}

@book{James2014,
 author = {James, Gareth and Witten, Daniela and Hastie, Trevor and Tibshirani, Robert},
 title = {An Introduction to Statistical Learning: With Applications in R},
 year = {2014},
 isbn = {1461471370, 9781461471370},
 publisher = {Springer Publishing Company, Incorporated},
} 

@article{Preston1980,
author = {Preston, Samuel and J. Coale, Ansley and Trussell, James and Weinstein, Maxine},
year = {1980},
month = {02},
pages = {179-202},
title = {Estimating the Completeness of Reporting of Adult Deaths in Populations That Are Approximately Stable},
volume = {46},
journal = {Population index},
doi = {10.2307/2736122}
}

@book{Moultrie,
author = {Moultrie, Tom and Dorrington, RE and G Hill, A and H Hill, K and Timaeus, Ian and Zaba, Basia},
year = {2013},
month = {07},
pages = {},
title = {Tools for Demographic Estimation},
isbn = {978-0-620-57491-4}
}

@article{Preston1975, title={The Changing Relation between Mortality and Level of Economic Development}, volume={29}, ISBN={00324728}, url={https://www.jstor.org/stable/2173509?seq=1#page_scan_tab_contents}, DOI={10.2307/2173509}, number={2}, journal={Population Studies}, publisher={[Population Investigation Committee, Taylor and Francis, Ltd.]}, author={Preston, Samuel H}, year={1975}, pages={231–248} }

@article{Kaztman1995,
author = {Kaztman, Rubén},
year = {1995},
title = {La medición de las necesidades básicas insatisfechas en los censos de población},
publisher = {Centro Latinoamericano de Demografía}
}

@article{INDEC2013,
  title={Tablas abreviadas de mortalidad por sexo y edad 2008-2010: total del país y provincias},
  author={INDEC},
  year={2013}
}


@article{Bennett_Horiuchi_1984, title={Mortality Estimation from Registered Deaths in Less Developed Countries}, volume={21}, ISBN={00703370, 15337790}, url={https://www.jstor.org/stable/2061041?seq=1#page_scan_tab_contents}, DOI={10.2307/2061041}, number={2}, journal={Demography}, publisher={Springer}, author={Bennett, Neil G and Horiuchi, Shiro}, year={1984}, pages={217–233} }

@misc{Camisa1964, title={Tabla abreviada de mortalidad de la region pampeana de la Republica Argentina 1946-1948; precedida de un analisis critico de las estadisticas basicas}, url={https://econpapers.repec.org/paper/ecrcol048/8246.htm}, journal={Repec.org}, author={Camisa, Zulma C}, year={1964} }

@article{Gonzaga_Schmertmann_2016, title={Estimating age- and sex-specific mortality rates for small areas with TOPALS regression: an application to Brazil in 2010}, volume={33}, url={http://www.scielo.br/scielo.php?pid=S0102-30982016000300629&script=sci_abstract}, DOI={10.20947/s0102-30982016c0009}, number={3}, journal={Revista Brasileira de Estudos de População}, author={Gonzaga, Marcos R. and Schmertmann, Carl Paul}, year={2016}, month={Dec}, pages={629–652} }

@book{Longford2005, 
  title={Missing Data and Small-Area Estimation - Modern Analytical Equipment for the Survey Statistician},
  author={Nicholas T. Longford},
  publiser={Springer}, 
  url={https://www.springer.com/gp/book/9781852337605}, 
  journal={Springer.com}, 
  year={2005}
}
  

@Article{Raalte2018,
  author  = {van Raalte, Alyson A. and Sasson, Isaac and Martikainen, Pekka},
  title   = {The case for monitoring life-span inequality},
  journal = {Science},
  year    = {2018},
  volume  = {362},
  number  = {6418},
  pages   = {1002–1004},
  month   = {Nov},
  doi     = {10.1126/science.aau5811},
  url     = {https://science.sciencemag.org/content/362/6418/1002/tab-figures-data},
}

@article{Vaupel_Missov_2013, title={Unobserved population heterogeneity: A review of formal relationships}, volume={31}, url={https://www.demographic-research.org/volumes/vol31/22/default.htm}, journal={Demographic Research}, publisher={Demographic Research}, author={Vaupel, James W and Missov, Trifon I}, year={2013}, pages={659–686} }

@article{AssunCao2006,
	author = {Assuncao, R. M. and Neves, M. C. and Camara, G. and Da Costa Freitas, C.},
	title = {{Efficient regionalization techniques for socio{-}economic geographical units using minimum spanning trees}},
	journal = {International Journal of Geographical Information Science},
	volume = {20},
	number = {7},
	pages = {797--811},
	year = {2006},
	month = {Aug},
	issn = {1365-8816},
	publisher = {Taylor {\&} Francis},
	doi = {10.1080/13658810600665111}
}

@misc{Bivand2019,
	author = {Bivand, Roger},
	title = {{Spatial Dependence: Weighting Schemes, Statistics and Models [R package spdep version 1.1-2]}},
	year = {2019},
	month = {Aug},
	publisher = {Comprehensive R Archive Network (CRAN)},
	note = {[Online; accessed 5. Aug. 2019]},
	url = {https://cran.r-project.org/web/packages/spdep/index.html}
}

@misc{DEIS2016,
	author = {DEIS},
	year = {2016},
	publisher = {Ministerio de Slaud de la Nación},
	note = {[Online; accessed 5. Aug. 2019]},
	url = {http://www.deis.msal.gov.ar/wp-content/uploads/2016/09/Estadisticasvitales2016.pdf}
}

@article{Brillinger1986,
	author = {Brillinger, D. R.},
	title = {{The natural variability of vital rates and associated statistics}},
	journal = {PubMed. comprises. more. than. 29 million. citations. for. biomedical. literature. from. MEDLINE, life. science. journals., and. online. books.},
	volume = {42},
	number = {4},
	pages = {693--734},
	year = {1986},
	month = {Dec},
	issn = {0006-341X},
	publisher = {Wiley},
	url = {https://www.ncbi.nlm.nih.gov/pubmed/3814721}
}

@article{deBeer2011,
	author = {de Beer, Joop},
	title = {{A new relational method for smoothing and projecting age-specific fertility rates: TOPALS}},
	journal = {Demographic Research},
	volume = {24},
	pages = {409--454},
	year = {2011},
	month = {Mar},
	issn = {1435-9871},
	publisher = {Demographic Research},
	url = {https://www.demographic-research.org/volumes/vol24/18/default.htm}
}

@article{Wrycza2012,
	author = {Wrycza, Tomasz and Baudisch, Annette},
	title = {{How life expectancy varies with perturbations in age-specific mortality}},
	journal = {Demographic Research},
	volume = {27},
	pages = {365--376},
	year = {2012},
	month = {Sep},
	issn = {1435-9871},
	publisher = {Demographic Research},
	url = {https://www.demographic-research.org/volumes/vol27/13/default.htm}
}

@article{Alexander2017,
	author = {Alexander, Monica and Zagheni, Emilio and Barbieri, Magali},
	title = {{A Flexible Bayesian Model for Estimating Subnational Mortality}},
	journal = {Demography},
	volume = {54},
	number = {6},
	pages = {2025},
	year = {2017},
	month = {Dec},
	publisher = {NIH Public Access},
	doi = {10.1007/s13524-017-0618-7}
}

@article{Fenelon2013,
	author = {Fenelon, Andrew},
	title = {{Geographic divergence in mortality in the United States}},
	journal = {Population and development review},
	volume = {39},
	number = {4},
	pages = {611-634},
	year = {2013},
}

@Article{EvertonEmanuelCamposde2014,
  author  = {LIMA, Everton Emanuel Campos de; QUEIROZ, Bernardo Lanza},
  title   = {Evolution of the deaths registry system in Brazil: associations with changes in the mortality profile, under-registration of death counts, and ill-defined causes of death},
  journal = {Cadernos de Saúde Pública},
  year    = {2014},
  volume  = {30},
  pages   = {1721-1730},
}

@article {Peralta2019,
	author = {Peralta, Andrés; Benach, Joan; Borrell, Carme; Espinel-Flores, Verónica; Cash-Gibson, Lucinda; Queiroz, Bernardo L.; Marí-Dell’Olmo, Marc},
	title = {Evolution of the deaths registry system in Brazil: associations with changes in the mortality profile, under-registration of death counts, and ill-defined causes of death},
	volume = {17},
	number = {3},
	pages = {3},
	year = {2019},
	journal = {Population Health Metric}
}

@article{Bilal2019,
	author = {Usama Bilal, Marcio Alazraqui, Waleska T. Caiaffa, Nancy Lopez-Olmedo, Kevin Martinez-Folgar, J. Jaime Miranda, Daniel A. Rodriguez, Alejandra Vives, Ana V. Diez-Roux},
	title = {Inequalities in life expectancy in six large Latin American cities from the SALURBAL study: an ecological analysis},
	volume = {3},
	number = {12},
	pages = {e503-e510},
	year = {2019},
	journal = {The Lancet Planetary Health}
}

@article{GonzagaSchmertmann2016,
	author = {Gonzaga, Marcos R.; Schmertmann, Carl Paul},
	title = {Estimativa de taxas de mortalidade por idade e sexo para pequenas áreas com regressão de TOPALS: uma aplicação para o Brasil em 2010},
	volume = {33},
	number = {12},
	pages = {629-652},
	year = {2016},
	journal = {Revista Brasileira De Estudos De População}
}

@article{GeriMoscoso2018,
	author = {GERI, Milva; LAGO, Fernando; MOSCOSO, Nebel},
	title = {Bonos demográficos en Argentina, 1960-2015},
	volume = {33},
	number = {1},
	pages = {225-252},
	year = {2018},
	journal = {Estudios demográficos y urbanos}
}

@article{SaccoBorges2018,
	author = {Sacco, N.; Borges, G.},
	title = {¿Converge la fecundidad en Brasil y Argentina? Un enfoque desde las desigualdades},
	volume = {35},
	number = {1},
	year = {2018},
	journal = {Revista Brasileira de Estudos de População}
}

@book{Gragnolati2015,
	author = {Gragnolati, Michele; Rofman, Rafael P.; Apella, Ignacio Raul; Troiano, Sara},
	title = {As time goes by in Argentina : economic opportunities and challenges of the demographic transition },
	publisher = {World Bank Publications},
	year = {2015}
}

@Article{Sacco2016b,
  author  = {Sacco, N.; Borges, G.},
  title   = {¿Cuánto vivieron los nacidos a fines del siglo XIX y cuánto vivirán los nacidos a fines del siglo XX?},
  journal = {Notas de Población},
  year    = {2016},
  volume  = {103},
  number  = {julio-diciembre},
  pages   = {73-100},
}

@article{Luy2010,
	author = {Luy, Marc},
	title = {A classification of the nature of mortality data underlying the estimates for the 2004 and 2006 United Nations World Population Prospects},
	volume = {35},
	number = {2},
	year = {2010},
	pages = {73-100},
	journal = {Comparative Population Studies}
}

@Book{Otero2012,
  title     = {Historia de la provincia de Buenos Aires. Población, ambiente y territorio, Buenos Aires,},
  publisher = {UNIPE-Edhasa,},
  year      = {2012},
  editor    = {Otero, Hernán},
}

@article{Borges2018,
	author = {Borges, Gabriel},
	title = {Teorías y medidas de convergencia demográfica: una aplicación a nivel subnacional en América Latina},
	number = {106},
	year = {2018},
	pages = {37-64},
	journal = {Notas de Población}
}

@article{Miech2011,
	author = {Miech, Richard; Fred, Pampel; Jinyoung, Kim; Richard G., Rogers},
	title = {The Enduring Association between Education and Mortality:The Role of Wideningand Narrowing Disparities},
	number = {76},
	year = {2011},
	pages = {913–934},
	journal = {American Sociological Review}
}


@article{Matthews2013,
	author = {Matthews S.A.; Parker, D.M.},
	title = {Progress in spatial demography},
	number = {28},
	year = {2013},
	pages = {271-312},
	journal = {Demographic Research}
}


@article{Robbins1983,
  author    = {Herbert Robbins},
  title     = {Some Thoughts on Empirical Bayes Estimation},
  journal   = {The Annals of Statistics},
  year      = {1983},
  volume    = {11},
  number    = {3},
  pages     = {713--723},
  issn      = {00905364},
  abstract  = {Examples are given to illustrate the "linear" and "general" empirical Bayes approaches to estimation. A final example concerns testing the null hypothesis that a treatment has had no effect.},
  file      = {:pdf/Robbins1983.pdf:PDF},
  publisher = {Institute of Mathematical Statistics},
  timestamp = {2018-09-19},
  url       = {http://www.jstor.org/stable/2240635},
}


@Comment{jabref-meta: databaseType:bibtex;}
